@article{ds_4,
    author  = "Leibniz Universitaet Hannover Distributed Systems",
    title   = "Part 4 DS Course Project",
    year    = "2024",
    pages   = "3"
}
